% Encoding: UTF-8


@Online{Unity:Doc,
  Title                    = {Unity : Dokumentation für die Unity Engine},
  URL                      = {https://docs.unity3d.com/Manual/index.html},
  Urldate                  = {2022-02-19},
  Year                     = {2022}
}

@Online{PädaLog,
  Title                    = {Päda.logics!: Was heißt eigentlich <<pädagogisch>> arbeiten?},
  URL                      = {https://paeda-logics.ch/paedagogisch-arbeiten},
  Urldate                  = {2022-02-19},
  Year                     = {2019}
}

@Book{German,
  Title                    = {Lehrplan Deutsch},
  Author                   = { Ministerium für Kultus, Jugend und Sport Baden Württemberg},
  Publisher                = { Ministerium für Kultus, Jugend und Sport Baden Württemberg},
  Date                     = {13 - 36}
 Pages		={13 - 36 S.}
}

@Book{Math,
  Title                    = {Lehrplan Mathe},
  Author                   = { Ministerium für Kultus, Jugend und Sport Baden Württemberg},
  Publisher                = { Ministerium für Kultus, Jugend und Sport Baden Württemberg},
  Date                     = {13 - 36}
 Pages		={12 - 36 S.}
}

@Online{Grundschulkönig,
  Title                    = {Grundwortschatz Klasse 1 und 2},
  URL                      = {https://www.grundschulkoenig.de/deutsch/1-klasse/grundwortschatz-klasse-1-und-2/},
  Urldate                  = {2022-02-19},
}

@Online{arrow,
  Title                    = {Arrow icon in Stickers Style},
  URL                      = {https://icons8.com/icon/kq6DjqoInvPI/arrow},
  Urldate                  = {2022-02-19},
}

@Online{lightbulb,
  Title                    = {Idea icon in Stickers Style},
  URL                      = {https://icons8.com/icon/5Hv6SE3mbn4i/idea},
  Urldate                  = {2022-02-19},
}

@Online{firework,
  Title                    = {Firework Explosion icon in Doodle Style},
  URL                      = {https://icons8.com/icon/80862/firework-explosion},
  Urldate                  = {2022-02-19},
}

@Online{brainBook,
  Title                    = {Book Brain Pumping},
  URL                      = {https://icons8.com/illustrations/illustration/spot-92},
  Urldate                  = {2022-02-19},
}

@Online{curtain,
  Title                    = {Blue curtain},
  URL                      = {https://icons8.com/illustrations/illustration/cherry-blue-curtain},
  Urldate                  = {2022-02-19},
}

@Book{kopka:latex,
  Title                    = {LaTeX. Band 1: Einführung},
  Author                   = {Kopka, Helmut},
  Publisher                = {Pearson Studium},
  Year                     = {2006},
  Address                  = {München},
  Edition                  = {3., überarb. Aufl., [Nachdr.]},
  ISBN                     = {3-8273-7038-8},
  Keywords                 = {LATEX <Programm>. LATEX 2E. LaTeX (Computer program). LATEX <Programm>. Programm. LATEX 2E},
  Pages                    = {XXII, 521 S.}
}

@Book{mittelbach_goossens:latex_begleiter,
  Title                    = {Der LaTeX-Begleiter},
  Author                   = {Mittelbach, Frank and Goossens, Michel},
  Editor                   = {Braams, Johannes},
  Publisher                = {Pearson Studium},
  Year                     = {2010},
  Address                  = {München [u.a.]},
  Edition                  = {2. überarb. und erw. Aufl., [Nachdr.]},
  ISBN                     = {978-3-8273-7166-9},
  Keywords                 = {LATEX <Programm>. LATEX <Programm>. Programm},
  Pages                    = {XXIX, 1137 S.}
}

@Online{schenk:miktex,
  Title                    = {MikTeX},
  Author                   = {Schenk, Christian},
  URL                      = {http://www.miktex.org},
  Urldate                  = {2015-11-30},
  Year                     = {2015}
}

@Online{schlosser:latex_tutorium,
  Title                    = {LaTeX für Studierende und Wissenschaftler: Ein Tutorial zum sicheren Einstieg in das Textsatzsystem},
  Author                   = {Schlosser, Joachim},
  URL                      = {https://www.lynda.com/de/Office-Productivity-Software-tutorials/LaTeX-Studierende-Wissenschaftler/394292-2.html},
  Urldate                  = {2017-11-02},
  Year                     = {2017},
  Address                  = {Graz},
  Pages                    = {Online-Ressource (Laufzeit: 5 Std. 40 min)},
  Publisher                = {video2brain},
  Type                     = {Videodokument}
}

@Book{schlosser:latex_buch,
  Title                    = {Wissenschaftliche Arbeiten schreiben mit LATEX: Leitfaden für Einsteiger},
  Author                   = {Schlosser, Joachim},
  Publisher                = {mitp-Verl.},
  Year                     = {2014},
  Address                  = {Heidelberg; München; Landsberg; Frechen; Hamburg},
  Edition                  = {5., überarb. Aufl.},
  ISBN                     = {978-3-8266-9486-8},
  Keywords                 = {Wissenschaftliches Manuskript. LATEX <Programm>. Programm. LaTeX (Computer file). Computerized typesetting. Technical writing},
  Pages                    = {324 S.}
}

@PhdThesis{Schmidt:Geschaeftsprozesse,
  Title                    = {{Aspektorientierte Komponentensysteme zur Unterstützung weitreichender Geschäftsprozesse}},
  Author                   = {Schmidt, Rainer},
  School                   = {{Institut für Programmstrukturen und Datenorganisation (IPD) Forschungszentrum Informatik, Karlsruhe (FZI)}},
  Year                     = {1999},
  URL                      = {https://publikationen.bibliothek.kit.edu/91999}
}

@Online{SAS:Citavi,
  Title                    = {Citavi - Wissen organisieren. Literatutverwaltung, Wissensorganisation und Aufgabenplanung},
  Author                   = {{Swiss Academic Software}},
  URL                      = {http://www.citavi.de},
  Urldate                  = {2016-01-12},
  Year                     = {2016}
}

@Online{tug:mactex,
  Title                    = {MacTex},
  Author                   = {{Tex User Group}},
  URL                      = {http://www.tug.org/mactex},
  Urldate                  = {2015-11-30},
  Year                     = {2015}
}

@Online{tug:texlive,
  Title                    = {TeX Live},
  Author                   = {{Tex User Group}},
  URL                      = {http://www.tug.org/texlive},
  Urldate                  = {2015-11-30},
  Year                     = {2015}
}

@Comment{jabref-meta: databaseType:biblatex;}
